<?xml version="1.0" encoding="UTF-8"?><record xmlns="http://www.loc.gov/MARC21/slim" xmlns:cinclude="http://apache.org/cocoon/include/1.0" xmlns:zs="http://www.loc.gov/zing/srw/">
  <leader>00658nz  a2200157n  4500</leader>
  <controlfield tag="001">no 97050888 </controlfield>
  <controlfield tag="003">DLC</controlfield>
  <controlfield tag="005">19970830051806.1</controlfield>
  <controlfield tag="008">970829n| acannaab|          |a ana     c</controlfield>
  <datafield tag="010" ind1=" " ind2=" ">
    <subfield code="a">no 97050888 </subfield>
  </datafield>
  <datafield tag="035" ind1=" " ind2=" ">
    <subfield code="a">(OCoLC)oca04418642 </subfield>
  </datafield>
  <datafield tag="040" ind1=" " ind2=" ">
    <subfield code="a">TxU</subfield>
    <subfield code="c">TxU</subfield>
  </datafield>
  <datafield tag="110" ind1="2" ind2="0">
    <subfield code="a">Summit of the Americas Center</subfield>
  </datafield>
  <datafield tag="410" ind1="2" ind2="0">
    <subfield code="a">Florida International University.</subfield>
    <subfield code="b">Latin American and Caribbean Center.</subfield>
    <subfield code="b">Summit of the Americas Center</subfield>
  </datafield>
  <datafield tag="410" ind1="2" ind2="0">
    <subfield code="a">Florida International University.</subfield>
    <subfield code="b">Summit of the Americas Center</subfield>
  </datafield>
  <datafield tag="670" ind1=" " ind2=" ">
    <subfield code="a">Summit of the Americas monitor, Jan./Feb. 1997:</subfield>
    <subfield code="b">t.p. (Summit of the Americas Center, Latin American and Caribbean Center, Florida International University)</subfield>
  </datafield>
</record>